@misc{Pinaev2017,
author = {Dmitry Pinaev et al},
title = {Qt5 Node Editor},
year = {2017},
publisher = {GitHub},
journal = {GitHub repository},
howpublished = {\url{https://github.com/paceholder/nodeeditor}},
note = {Accessed 25 Jan 2018},
commit = {e81afb00ffe3ee4f535dad565047eac14efcf37e}
}
